@article{PFGPlots,
	title = {Pruebas de hormona tiroidea | Cigna},
	url = {https://www.cigna.com/es-us/knowledge-center/hw/pruebas-mdicas/pruebas-de-hormona-tiroidea-hw27377},
}

@misc{vaswani_attention_2017,
	title = {Thyroid Disease Data},
	url = {https://www.kaggle.com/datasets/emmanuelfwerr/thyroid-disease-data},
}